@article{xu2017convergence,
  title={Convergence analysis of the Frank-Wolfe algorithm and its generalization in Banach spaces},
  author={Xu, Hong-Kun},
  journal={arXiv preprint arXiv:1710.07367},
  year={2017}
}