@article{kilmer2008third,
  title={A third-order generalization of the matrix svd as a product of third-order tensors},
  author={Kilmer, Misha E and Martin, Carla D and Perrone, Lisa},
  journal={Tufts University, Department of Computer Science, Tech. Rep. TR-2008-4},
  year={2008}
}

@book{golub2013matrix,
  title={Matrix computations},
  author={Golub, Gene H and Van Loan, Charles F},
  year={2013},
  publisher={JHU press}
}