@book{nocedal1999numerical,
  title={Numerical optimization},
  author={Nocedal, Jorge and Wright, Stephen J},
  year={1999},
  publisher={Springer}
}

@book{lurie2013analytical,
  title={Analytical mechanics},
  author={Lurie, Anatolii Isakovich},
  year={2013},
  publisher={Springer Science \& Business Media}
}

@article{wibisono2016variational,
  title={A variational perspective on accelerated methods in optimization},
  author={Wibisono, Andre and Wilson, Ashia C and Jordan, Michael I},
  journal={proceedings of the National Academy of Sciences},
  volume={113},
  number={47},
  pages={E7351--E7358},
  year={2016},
  publisher={National Acad Sciences}
}
@article{wilson2021lyapunov,
  title={A Lyapunov analysis of accelerated methods in optimization},
  author={Wilson, Ashia C and Recht, Ben and Jordan, Michael I},
  journal={Journal of Machine Learning Research},
  volume={22},
  number={113},
  pages={1--34},
  year={2021}
}

@article{alvarez2000minimizing,
  title={On the minimizing property of a second order dissipative system in Hilbert spaces},
  author={Alvarez, Felipe},
  journal={SIAM Journal on Control and Optimization},
  volume={38},
  number={4},
  pages={1102--1119},
  year={2000},
  publisher={SIAM}
}