@article{hillar2013most,
  title={Most tensor problems are NP-hard},
  author={Hillar, Christopher J and Lim, Lek-Heng},
  journal={Journal of the ACM (JACM)},
  volume={60},
  number={6},
  pages={1--39},
  year={2013},
  publisher={ACM New York, NY, USA}
}

@incollection{kruskal1989rank,
  title={Rank, decomposition, and uniqueness for 3-way and N-way arrays},
  author={Kruskal, Joseph B},
  booktitle={Multiway data analysis},
  pages={7--18},
  year={1989}
}

@article{cabello2002bell,
  title={Bellâ€™s theorem with and without inequalities for the three-qubit Greenberger-Horne-Zeilinger and W states},
  author={Cabello, Ad{\'a}n},
  journal={Physical Review A},
  volume={65},
  number={3},
  pages={032108},
  year={2002},
  publisher={APS}
}